@article{bo2023optimal,
    title={Optimal overconfidence with information manipulation},
    author={Bo, Wang and Suli, Zheng},
    journal={Economics Letters},
    volume={231},
    pages={111280},
    year={2023},
    publisher={Elsevier}
}

@article{huang2020benford,
    title={Testing data quality using Benford's Law: Evidence from Chinese firms},
    author={Huang, Yiping and Niu, Zhongen and Yang, Chao},
    journal={Economics Letters},
    volume={192},
    pages={109182},
    year={2020},
    publisher={Elsevier}
}

@article{kyle1985continuous,
    title={Continuous auctions and insider trading},
    author={Kyle, Albert S},
    journal={Econometrica},
    volume={53},
    number={6},
    pages={1315--1335},
    year={1985},
    publisher={JSTOR}
}

@article{liu2024asset,
    title={Asset prices and information manipulation},
    author={Liu, Xiaoxiao and Benhabib, Jess and Wang, Pengfei},
    journal={Economics Letters},
    volume={239},
    pages={111734},
    year={2024},
    publisher={Elsevier}
}

@article{scanlon2024model,
    title={A model of greedflation},
    author={Scanlon, Paul},
    journal={Economics Letters},
    volume={234},
    pages={111452},
    year={2024},
    publisher={Elsevier}
}

@article{vila1989simple,
    title={Simple games of market manipulation},
    author={Vila, Jean-Luc},
    journal={Economics Letters},
    volume={29},
    number={1},
    pages={21--26},
    year={1989},
    publisher={Elsevier}
}

@article{wang2024information,
    title={Information manipulation and majority rule},
    author={Wang, Bo and Suli, Zheng},
    journal={Economics Letters},
    volume={240},
    pages={111792},
    year={2024},
    publisher={Elsevier}
}

@article{xiao2022financial,
    title={Financial literacy and investment fraud},
    author={Xiao, Xinxin and Li, Xiaoyuan and Zhou, Yibing},
    journal={Economics Letters},
    volume={212},
    pages={110308},
    year={2022},
    publisher={Elsevier}
}

@article{xiong2024information,
    title={Information infrastructure and R\&D manipulation},
    author={Xiong, Jingchuan and Chen, Yunpeng and Zhang, Liang},
    journal={Economics Letters},
    volume={235},
    pages={111538},
    year={2024},
    publisher={Elsevier}
}

% ========================================
% EMPIRICAL MANIPULATION STUDIES
% ========================================

@article{aggarwal2006stock,
    title={Stock market manipulations},
    author={Aggarwal, Rajesh K and Wu, Guojun},
    journal={The Journal of Business},
    volume={79},
    number={4},
    pages={1915--1953},
    year={2006},
    publisher={University of Chicago Press}
}

% ========================================
% SIGNAL PROCESSING AND DETECTION THEORY
% ========================================

@book{kay1998fundamentals,
    title={Fundamentals of statistical signal processing: Detection theory},
    author={Kay, Steven M},
    volume={2},
    year={1998},
    publisher={Prentice Hall}
}

@article{poor1994introduction,
    title={An introduction to signal detection and estimation},
    author={Poor, H Vincent},
    journal={Springer Science \& Business Media},
    year={1994}
}
