% Bibliography for "A Theoretical Model of Manipulation Detection Through Domain-Specific Signal Amplification"

% ========================================
% SEMINAL THEORETICAL PAPERS
% ========================================

@article{vila1989simple,
    title={Simple games of market manipulation},
    author={Vila, Jean-Luc},
    journal={Economics Letters},
    volume={29},
    number={1},
    pages={21--26},
    year={1989},
    publisher={Elsevier}
}

@article{kyle1985continuous,
    title={Continuous auctions and insider trading},
    author={Kyle, Albert S},
    journal={Econometrica},
    volume={53},
    number={6},
    pages={1315--1335},
    year={1985},
    publisher={JSTOR}
}

@article{allen1992stock,
    title={Stock price manipulation, market microstructure and asymmetric information},
    author={Allen, Franklin and Gorton, Gary},
    journal={European Economic Review},
    volume={36},
    number={2-3},
    pages={624--630},
    year={1992},
    publisher={Elsevier}
}

@article{glosten1985bid,
    title={Bid, ask and transaction prices in a specialist market with heterogeneously informed traders},
    author={Glosten, Lawrence R and Milgrom, Paul R},
    journal={Journal of Financial Economics},
    volume={14},
    number={1},
    pages={71--100},
    year={1985},
    publisher={Elsevier}
}

% ========================================
% MARKET MANIPULATION THEORY
% ========================================

@article{jarrow1992market,
    title={Market manipulation, bubbles, corners, and short squeezes},
    author={Jarrow, Robert A},
    journal={Journal of Financial and Quantitative Analysis},
    volume={27},
    number={3},
    pages={311--336},
    year={1992},
    publisher={Cambridge University Press}
}

@article{huberman2004price,
    title={Price manipulation and quasi-arbitrage},
    author={Huberman, Gur and Stanzl, Werner},
    journal={Econometrica},
    volume={72},
    number={4},
    pages={1247--1275},
    year={2004},
    publisher={Wiley Online Library}
}

@article{kumar1992futures,
    title={Futures manipulation with "cash settlement"},
    author={Kumar, Praveen and Seppi, Duane J},
    journal={The Journal of Finance},
    volume={47},
    number={4},
    pages={1485--1502},
    year={1992},
    publisher={Wiley Online Library}
}

@article{van2003rumors,
    title={Rumors},
    author={Van Bommel, Jos},
    journal={The Journal of Finance},
    volume={58},
    number={4},
    pages={1499--1520},
    year={2003},
    publisher={Wiley Online Library}
}

@article{benabou1992using,
    title={Using privileged information to manipulate markets: Insiders, gurus, and credibility},
    author={Benabou, Roland and Laroque, Guy},
    journal={The Quarterly Journal of Economics},
    volume={107},
    number={3},
    pages={921--958},
    year={1992},
    publisher={MIT Press}
}

% ========================================
% EMPIRICAL MANIPULATION STUDIES
% ========================================

@article{aggarwal2006stock,
    title={Stock market manipulations},
    author={Aggarwal, Rajesh K and Wu, Guojun},
    journal={The Journal of Business},
    volume={79},
    number={4},
    pages={1915--1953},
    year={2006},
    publisher={University of Chicago Press}
}

@article{comerton2014stock,
    title={Stock price manipulation: Prevalence and determinants},
    author={Comerton-Forde, Carole and Putni{\c{n}}{\v{s}}, Talis J},
    journal={Review of Finance},
    volume={18},
    number={1},
    pages={23--66},
    year={2014},
    publisher={Oxford University Press}
}

@article{khwaja2005unchecked,
    title={Unchecked intermediaries: Price manipulation in an emerging stock market},
    author={Khwaja, Asim Ijaz and Mian, Atif},
    journal={Journal of Financial Economics},
    volume={78},
    number={1},
    pages={203--241},
    year={2005},
    publisher={Elsevier}
}

@article{jiang2005market,
    title={Market manipulation: a comprehensive study of stock pools},
    author={Jiang, Guolin and Mahoney, Paul G and Mei, Jianping},
    journal={Journal of Financial Economics},
    volume={77},
    number={1},
    pages={147--170},
    year={2005},
    publisher={Elsevier}
}

% ========================================
% DETECTION AND SURVEILLANCE
% ========================================

@article{cumming2011exchange,
    title={Exchange trading rules and stock market liquidity},
    author={Cumming, Douglas and Johan, Sofia and Li, Dan},
    journal={Journal of Financial Economics},
    volume={99},
    number={3},
    pages={651--671},
    year={2011},
    publisher={Elsevier}
}

@article{james2023machine,
    title={A machine learning attack on illegal trading},
    author={James, Robert and Leung, Hei and Prokhorov, Artem},
    journal={Journal of Banking \& Finance},
    volume={148},
    pages={106735},
    year={2023},
    publisher={Elsevier}
}

@article{kacperczyk2024legal,
    title={Legal risk and insider trading},
    author={Kacperczyk, Marcin and Pagnotta, Emiliano S},
    journal={The Journal of Finance},
    volume={79},
    number={1},
    pages={305--362},
    year={2024},
    publisher={Wiley Online Library}
}

@article{cumming2008global,
    title={Global market surveillance},
    author={Cumming, Douglas and Johan, Sofia A},
    journal={American Law and Economics Review},
    volume={10},
    number={2},
    pages={454--506},
    year={2008},
    publisher={Oxford University Press}
}

% ========================================
% MARKET MICROSTRUCTURE
% ========================================

@article{easley1987information,
    title={Information and the cost of capital},
    author={Easley, David and O'hara, Maureen},
    journal={The Journal of Finance},
    volume={59},
    number={4},
    pages={1553--1583},
    year={2004},
    publisher={Wiley Online Library}
}

@article{he1995differential,
    title={Differential information and dynamic behavior of stock trading volume},
    author={He, Hua and Wang, Jiang},
    journal={The Review of Financial Studies},
    volume={8},
    number={4},
    pages={919--972},
    year={1995},
    publisher={Oxford University Press}
}

@article{harris1989day,
    title={A day-end transaction price anomaly},
    author={Harris, Lawrence},
    journal={Journal of Financial and Quantitative Analysis},
    volume={24},
    number={1},
    pages={29--45},
    year={1989},
    publisher={Cambridge University Press}
}

@article{ni2005stock,
    title={Stock price clustering on option expiration dates},
    author={Ni, Sophie X and Pearson, Neil D and Poteshman, Allen M},
    journal={Journal of Financial Economics},
    volume={78},
    number={1},
    pages={49--87},
    year={2005},
    publisher={Elsevier}
}

% ========================================
% HIGH-FREQUENCY TRADING AND MODERN MARKETS
% ========================================

@article{ait2024high,
    title={High frequency market making: The role of speed},
    author={A{\"\i}t-Sahalia, Yacine and Sa{\u{g}}lam, Mehmet},
    journal={Journal of Econometrics},
    volume={239},
    number={1},
    pages={105421},
    year={2024},
    publisher={Elsevier}
}

@article{khomyn2021algos,
    title={Algos gone wild: What drives the extreme order cancellation rates in modern markets?},
    author={Khomyn, Mykola and Putni{\c{n}}{\v{s}}, Talis J},
    journal={Journal of Banking \& Finance},
    volume={132},
    pages={106170},
    year={2021},
    publisher={Elsevier}
}

% ========================================
% SIGNAL PROCESSING AND DETECTION THEORY
% ========================================

@book{kay1998fundamentals,
    title={Fundamentals of statistical signal processing: Detection theory},
    author={Kay, Steven M},
    volume={2},
    year={1998},
    publisher={Prentice Hall}
}

@article{poor1994introduction,
    title={An introduction to signal detection and estimation},
    author={Poor, H Vincent},
    journal={Springer Science \& Business Media},
    year={1994}
}

% ========================================
% GAME THEORY AND MECHANISM DESIGN
% ========================================

@book{fudenberg1991game,
    title={Game theory},
    author={Fudenberg, Drew and Tirole, Jean},
    year={1991},
    publisher={MIT press}
}

@book{myerson1991game,
    title={Game theory: analysis of conflict},
    author={Myerson, Roger B},
    year={1991},
    publisher={Harvard university press}
}

@article{milgrom1982theory,
    title={A theory of auctions and competitive bidding},
    author={Milgrom, Paul R and Weber, Robert J},
    journal={Econometrica},
    volume={50},
    number={5},
    pages={1089--1122},
    year={1982},
    publisher={JSTOR}
}

% ========================================
% REGULATORY AND POLICY PAPERS
% ========================================

@article{bhattacharya2002world,
    title={The world price of insider trading},
    author={Bhattacharya, Utpal and Daouk, Hazem},
    journal={The Journal of Finance},
    volume={57},
    number={1},
    pages={75--108},
    year={2002},
    publisher={Wiley Online Library}
}

@article{beny2005insider,
    title={Do insider trading laws matter? Some preliminary comparative evidence},
    author={Beny, Laura Nyantung},
    journal={American Law and Economics Review},
    volume={7},
    number={1},
    pages={144--183},
    year={2005},
    publisher={Oxford University Press}
}

@article{la2006law,
    title={What works in securities laws?},
    author={La Porta, Rafael and Lopez-de-Silanes, Florencio and Shleifer, Andrei},
    journal={The Journal of Finance},
    volume={61},
    number={1},
    pages={1--32},
    year={2006},
    publisher={Wiley Online Library}
}

% ========================================
% CRYPTOCURRENCY AND MODERN MANIPULATION
% ========================================

@article{dhawan2021new,
    title={A new wolf in town: Pump-and-dump manipulation in cryptocurrency markets},
    author={Dhawan, Anirudh and Putni{\c{n}}{\v{s}}, Talis J},
    journal={Review of Finance},
    volume={25},
    number={5},
    pages={1333--1370},
    year={2021},
    publisher={Oxford University Press}
}

@article{gandal2018price,
    title={Price manipulation in the Bitcoin ecosystem},
    author={Gandal, Neil and Hamrick, JT and Moore, Tyler and Oberman, Tali},
    journal={Journal of Monetary Economics},
    volume={95},
    pages={86--96},
    year={2018},
    publisher={Elsevier}
}

% ========================================
% ECONOMETRIC AND STATISTICAL METHODS
% ========================================

@article{hansen1982large,
    title={Large sample properties of generalized method of moments estimators},
    author={Hansen, Lars Peter},
    journal={Econometrica},
    volume={50},
    number={4},
    pages={1029--1054},
    year={1982},
    publisher={JSTOR}
}

@book{hamilton1994time,
    title={Time series analysis},
    author={Hamilton, James D},
    volume={2},
    year={1994},
    publisher={Princeton university press Princeton, NJ}
}

@article{newey1987simple,
    title={A simple, positive semi-definite, heteroskedasticity and autocorrelation consistent covariance matrix},
    author={Newey, Whitney K and West, Kenneth D},
    journal={Econometrica},
    volume={55},
    number={3},
    pages={703--708},
    year={1987},
    publisher={JSTOR}
}

% ========================================
% SURVEYS AND REVIEWS
% ========================================

@article{putnins2012market,
    title={Market manipulation: a survey},
    author={Putni{\c{n}}{\v{s}}, Talis J},
    journal={Journal of Economic Surveys},
    volume={26},
    number={5},
    pages={952--967},
    year={2012},
    publisher={Wiley Online Library}
}

@article{biais1997microstructure,
    title={Market microstructure: A survey of microfoundations, empirical results, and policy implications},
    author={Biais, Bruno and Glosten, Larry and Spatt, Chester},
    journal={Journal of Financial Markets},
    volume={8},
    number={2},
    pages={217--264},
    year={2005},
    publisher={Elsevier}
}

% ========================================
% MATHEMATICAL AND OPTIMIZATION THEORY
% ========================================

@book{luenberger1984linear,
    title={Linear and nonlinear programming},
    author={Luenberger, David G},
    year={1984},
    publisher={Addison-wesley}
}

@book{stokey1989recursive,
    title={Recursive methods in economic dynamics},
    author={Stokey, Nancy L and Lucas, Robert E and Prescott, Edward C},
    year={1989},
    publisher={Harvard University Press}
}

@article{kakutani1941generalization,
    title={A generalization of Brouwer's fixed point theorem},
    author={Kakutani, Shizuo},
    journal={Duke Mathematical Journal},
    volume={8},
    number={3},
    pages={457--459},
    year={1941},
    publisher={Duke University Press}
}

% ========================================
% ADDITIONAL SUPPORTING REFERENCES
% ========================================

@article{easley2004information,
    title={Information and the cost of capital},
    author={Easley, David and O'hara, Maureen},
    journal={The Journal of Finance},
    volume={59},
    number={4},
    pages={1553--1583},
    year={2004},
    publisher={Wiley Online Library}
}

@article{goldstein2008manipulation,
    title={Manipulation and the allocation role of prices},
    author={Goldstein, Itay and Guembel, Alexander},
    journal={The Review of Economic Studies},
    volume={75},
    number={1},
    pages={133--164},
    year={2008},
    publisher={Wiley-Blackwell}
}

@article{fishman1995mandatory,
    title={The mandatory disclosure of trades and market liquidity},
    author={Fishman, Michael J and Hagerty, Kathleen M},
    journal={The Review of Financial Studies},
    volume={8},
    number={3},
    pages={637--676},
    year={1995},
    publisher={Oxford University Press}
}